4330 6426
1006 495 1199 580 ,μ

170 704 287 774 locis
316 730 386 776 vero
411 711 477 776 eius
500 712 624 775 nomine
648 713 797 792 usurpato
821 711 966 794 tetigerit
988 729 1109 792 quaque
1132 711 1289 776 neminem
1314 711 1377 775 iore
1399 711 1495 776 aliurn
1520 713 1580 776 nisi
1602 713 1704 795 ipsum
1720 713 1808 780 illurn
1826 715 1991 798 impugna·

177 835 306 912 verit,
330 837 389 900 hoc
413 835 478 900 solo
502 836 570 900 loco
594 834 728 900 eundem
751 835 876 918 poetam
899 835 982 898 tecte
1006 851 1042 900 ac
1065 833 1143 898 falso
1167 835 1223 899 sub
1249 835 1372 899 nomine
1398 836 1577 918 castigasse.
1603 835 1669 900 Nec
1685 837 1797 902 merito
1813 837 1992 918 provocavit

181 955 492 1024 Winokelmannus
523 959 562 1024 ad
593 959 811 1025 stabiliendam
843 959 1031 1024 sententiam
1064 975 1152 1024 suam
1186 959 1226 1024 ad
1262 960 1360 1024 Arist.
1393 960 1475 1024 Nub.
1501 979 1529 1024 x.
1556 961 1634 1038 830,
1666 959 1721 1024 ruhi
1752 959 1896 1026 Socrates
1925 962 1992 1044 ipse
2085 1018 2092 1030 .

186 1077 345 1173 Μήλιος
375 1085 552 1148 nominatur
576 1067 767 1171 (Σωκράτης
789 1078 807 1148 ὁ
831 1080 989 1168 Μήλιος),
1023 1084 1136 1165 quoin
1161 1103 1252 1148 versu
1283 1103 1352 1148 curn
1377 1085 1478 1166 ipsum
1505 1083 1640 1149 Socratis
1671 1104 1783 1149 nornen
1815 1086 1992 1152 adhibitum

187 1206 270 1286 sit,
301 1207 490 1273 dubitationi
513 1208 599 1305 locus
624 1228 683 1272 non
707 1208 904 1290 relinquitur.
952 1209 1061 1291 Apage
1085 1209 1183 1292 igitur
1205 1209 1301 1273 istum
1325 1209 1506 1291 Euripidem
1530 1229 1566 1273 er
1590 1212 1695 1275 nostro
1720 1227 1822 1275 versu.

324 1333 390 1397 lam
414 1352 465 1396 res
489 1351 525 1397 eo
550 1332 686 1412 devenit,
717 1335 753 1396 ut
777 1335 810 1398 et
834 1329 1076 1421 verbum-didam
1099 1335 1200 1415 ipsum
1225 1331 1426 1416 cogitandum
1451 1353 1518 1400 esse
1550 1336 1723 1400 necessario
1757 1337 1992 1418 cognoverimus

193 1474 269 1520 nec
292 1457 432 1538 potuisse
456 1457 626 1541 Diagoram
662 1459 763 1540 ipsum
796 1457 935 1534 inrideri,
972 1459 1085 1540 quippe
1117 1458 1169 1540 qui
1193 1457 1372 1520 iamdudum
1404 1458 1486 1522 inter
1517 1460 1654 1522 mortuos
1686 1461 1784 1536 esset,
1815 1479 1872 1524 neo
1896 1460 1992 1524 alium

197 1600 401 1664 quemquam
432 1602 471 1646 ne
504 1583 683 1665 Euripidem
717 1583 843 1665 quidem
878 1582 935 1646 sub
968 1583 1036 1646 eius
1068 1583 1191 1645 nornine
1223 1581 1332 1646 latere.
1392 1580 1511 1662 Quibus
1542 1583 1790 1648 dubitationibus
1806 1583 1910 1648 etiam
1935 1585 1992 1650 hoc

201 1707 308 1786 addo,
345 1707 395 1772 rix
420 1707 607 1772 credendum
632 1727 700 1772 esse
725 1708 968 1790 Aristophanem
999 1705 1153 1790 Diagorae
1185 1708 1324 1786 nomine,
1361 1707 1443 1788 quod
1475 1708 1555 1788 apud
1585 1706 1720 1772 Graecos
1752 1710 1817 1772 turn
1848 1707 1993 1790 frequens

205 1835 297 1910 erat,
330 1833 410 1896 nude
442 1833 544 1914 posito
575 1833 794 1916 philosophum
820 1833 909 1896 illum
936 1831 1182 1914 significaturum
1206 1832 1302 1898 fuisse
1327 1833 1357 1898 in
1383 1851 1484 1912 uersu,
1517 1833 1632 1914 inquo
1657 1833 1992 1897 sinontotumillud

210 1953 380 2039 Διαγόρας
404 1951 421 2020 ὁ
445 1957 594 2040 Μήλιος,
618 1957 698 2040 quod
723 1959 754 2021 in
780 1957 896 2020 Avium
927 1955 995 2019 loco
1019 1957 1190 2035 invenitur,
1227 1959 1333 2020 tamen
1365 1957 1480 2022 licebat
1511 1955 1695 2038 simpliciter
1718 1952 1849 2040 Μήλιος
1880 1957 1991 2021 dicere.

218 2079 299 2160 Quid
323 2081 421 2164 igitur
443 2083 585 2164 superest
607 2083 666 2146 nisi
691 2084 726 2146 ut
748 2081 850 2146 locum
881 2079 1076 2145 emendando
1109 2101 1216 2146 sanare
1248 2085 1413 2146 conemur?
1461 2083 1506 2146 At
1530 2082 1643 2162 extitit,
1669 2083 1721 2164 qui
1745 2082 1886 2163 quamvis
1908 2084 1992 2146 recle

217 2209 358 2271 censeret
391 2203 462 2295 ᾄδει
501 2227 569 2272 esse
608 2207 796 2290 cogitatione
835 2205 1011 2270 addendum
1054 2225 1110 2270 nee
1149 2207 1302 2288 Diagorae
1340 2207 1399 2288 ipsi
1444 2206 1534 2270 illudi
1573 2209 1726 2288 potuisse,
1769 2208 1874 2270 tamen
1912 2224 1992 2270 nova

213 2332 346 2412 quadarn
377 2331 553 2414 explicandi
588 2332 710 2396 rationo
746 2349 819 2395 usus
851 2333 915 2398 est:
947 2331 1219 2395 Weckleinium
1253 2330 1322 2396 dieo
1355 2331 1441 2394 cuius
1473 2331 1567 2394 verba
1598 2330 1674 2394 haee
1705 2329 1886 2394 cnuthi:
1921 2329 1992 2393 «Zu

212 2453 311 2540 ὅνπερ
335 2452 503 2540 Διαγόρας
526 2457 569 2524 ist
592 2457 749 2522 nathrlich
775 2453 845 2544 ᾄδει
874 2475 910 2519 nu
936 2462 1106 2538 ergttnzen:
1143 2455 1201 2518 den
1238 2453 1314 2519 Sinn
1347 2455 1401 2518 der
1431 2455 1541 2520 Worte
1572 2453 1647 2518 aber
1678 2454 1758 2518 kann
1789 2455 1839 2518 ioh
1871 2473 1929 2517 nur
1959 2455 1991 2518 in

212 2583 313 2646 ehrem
338 2581 451 2646 Schera
474 2581 530 2646 auf
550 2581 599 2646 dic
624 2583 733 2664 eigene
757 2579 980 2664 Nachbildung
1003 2581 1057 2644 der
1081 2580 1252 2664 hlysterien
1278 2579 1443 2646 erhennen.
1485 2580 1552 2643 Wir
1576 2579 1685 2642 nissen
1711 2579 1768 2642 wic
1792 2577 1992 2660 empfindlich

213 2707 263 2770 die
287 2707 428 2812 Athener
450 2707 482 2770 in
507 2706 625 2770 diesem
651 2705 772 2769 Puuhtc
798 2724 908 2783 waren,
932 2705 995 2768 urrd
1018 2705 1130 2769 nissen
1154 2723 1209 2768 aus
1234 2705 1330 2770 Arist.
1356 2705 1428 2770 Dth.
1455 2705 1575 2768 Nioom.
1593 2704 1640 2767 lll
1665 2707 1694 2780 2,
1721 2702 1792 2767 dass
1816 2703 1991 2786 Aeschylus

214 2831 282 2895 eine
307 2830 450 2912 Ankluge
474 2851 512 2894 zu
535 2830 685 2894 bestehen
718 2830 816 2907 hatte,
849 2831 919 2894 rueil
942 2849 976 2894 er
999 2847 1054 2893 aus
1078 2828 1137 2892 den
1160 2829 1332 2912 Mysterien
1365 2829 1512 2892 marrohes
1545 2829 1601 2894 aut
1629 2829 1677 2894 die
1704 2829 1811 2892 Btthne
1840 2827 1993 2911 gebracht

213 2955 277 3018 und
301 2954 439 3019 dadurch
463 2955 612 3020 entneiht
635 2943 672 3018 nu
696 2955 797 3018 haben
820 2955 936 3022 sohien.
984 2954 1210 3036 Aristophanes
1241 2955 1356 3018 trostet
1387 2954 1431 3017 irn
1459 2955 1575 3018 Voraus
1604 2955 1670 3018 sein
1694 2953 1857 3018 Publionrn
1883 2953 1992 3030 demit,

212 3079 340 3167 dassen
362 3080 450 3143 nicht
474 3079 524 3144 die
548 3079 758 3162 eigentliohen
791 3079 928 3162 heiligen
959 3079 1146 3162 Mysteriem
1184 3079 1314 3144 sondern
1347 3079 1405 3143 die
1436 3077 1616 3160 profauen
1649 3079 1854 3162 Mysterien
1890 3079 1991 3141 eiures

211 3205 396 3287 Diagoras
432 3204 655 3279 nachahme3
690 3203 719 3266 d.
745 3204 775 3268 h.
801 3203 871 3268 dass
901 3223 934 3268 er
958 3223 1016 3266 nur
1046 3203 1105 3268 mit
1135 3211 1213 3288 ganz
1245 3204 1454 3268 ausserlichen
1486 3204 1608 3287 Dingen
1641 3203 1701 3268 und
1734 3202 1991 3267 unbedeutenden

213 3328 428 3406 Gebrauchsn,
452 3329 483 3391 iu
507 3328 606 3392 denen
631 3327 686 3392 das
711 3328 899 3411 eigentliohe
919 3328 1031 3392 Wesen
1056 3328 1111 3392 der
1127 3329 1298 3412 Mysterien
1322 3329 1410 3393 nicht
1432 3348 1470 3392 nu
1494 3329 1610 3392 suchen
1634 3328 1689 3413 sei,
1714 3326 1886 3391 hermloses
1907 3324 1992 3408 Spiel

212 3454 345 3517 trcibe».
393 3451 460 3532 Qua
493 3453 695 3535 explicatione
729 3452 773 3516 uil
805 3471 855 3516 me
883 3451 998 3518 vidisse
1031 3453 1179 3519 confiteor
1211 3455 1369 3520 obscurius
1384 3453 1416 3539 ¹),
1442 3456 1478 3518 ul
1501 3453 1716 3537 desperatione
1747 3455 1834 3536 quasi
1858 3451 1992 3535 quadam

212 3579 363 3644 extortam
390 3580 529 3644 dixerim.
577 3579 662 3660 Quae
687 3581 779 3658 enirn,
806 3597 929 3661 quaeso,
954 3582 1027 3643 sunt
1050 3579 1205 3660 profana
1228 3580 1290 3644 ista
1313 3579 1495 3663 mysteria
1520 3580 1705 3662 Diagorae
1730 3595 1807 3662 quac
1831 3578 1991 3642 imitatum

211 3723 243 3768 sc
267 3723 335 3768 esse
359 3705 461 3768 dicere
485 3705 642 3786 putandus
666 3707 707 3768 sit
725 3705 969 3786 Aristophanes?
993 3707 1099 3769 utrnrn
1123 3705 1272 3788 mysteria
1289 3723 1366 3786 quae
1383 3703 1601 3786 profanaverat
1616 3703 1669 3768 ille
1689 3703 1845 3786 Φρυγίοις
1861 3698 1991 3785 sopore?

211 3832 244 3892 at
267 3829 429 3910 profanata
460 3831 610 3913 mysteria
638 3847 698 3892 non
723 3831 795 3892 sunt
819 3829 965 3911 protana3
996 3848 1034 3891 an
1059 3829 1210 3912 Diagoras
1243 3829 1304 3892 alia
1335 3847 1432 3912 eaque
1458 3829 1635 3910 «profana»
1661 3827 1810 3912 mysteria
1833 3827 1865 3890 in
1888 3827 1990 3890 locurn

212 3972 317 4016 eorum
348 3955 513 4018 substituit
547 3973 625 4036 quac
658 3954 800 4018 irrisione
828 3973 883 4018 sua
912 3955 981 4016 erat
1004 3954 1205 4035 persecutus?
1244 3952 1337 4017 Cuius
1361 3953 1406 4016 rei
1430 3952 1552 4016 nullum
1576 3953 1742 4034 vestigium
1769 3951 1857 4016 video
1880 3969 1936 4014 nec
1959 3951 1991 4014 in

211 4077 395 4142 scholiastae
431 4079 532 4142 verbis
565 4074 604 4141 soi
636 4075 797 4161 μυστήρια
832 4072 994 4161 ηύτὲλιζεν
1010 4071 1068 4152 ,ὥς
1096 4073 1238 4152 πολλοὺς
1272 4073 1434 4159 ἐκτρέπειν
1456 4079 1513 4159 τῆς
1546 4078 1671 4159 τελετῆς
1705 4093 1772 4138 oum
1798 4075 1851 4156 qui
1874 4075 1991 4138 multos

209 4203 349 4266 homines
372 4202 531 4286 mysteriis
555 4201 703 4280 deterret,
728 4221 789 4265 rron
813 4204 845 4266 in
870 4203 933 4266 alia
956 4221 1009 4266 eos
1033 4201 1221 4279 introducat,
1246 4219 1303 4265 nec
1320 4201 1351 4263 in
1368 4200 1492 4264 'lationi
1513 4219 1556 4266 or.
1574 4198 1614 4264 ad
1631 4198 1683 4264 Gr.
1702 4218 1726 4263 c.
1745 4201 1797 4262 44.
1823 4219 1852 4280 p.
1874 4201 1916 4264 96
1942 4197 1990 4263 ed.

208 4322 760 4411 Ψοι1111ξορχησάμενονιάπορ’
786 4327 970 4409 Ἀθηναίοις
992 4331 1161 4409 μυστήρια.
1210 4324 1312 4406 Quare
1346 4325 1490 4406 quoniam
1514 4325 1694 4406 ignoramus
1725 4341 1803 4404 quae
1832 4323 1990 4387 imitatum

209 4473 244 4518 se
268 4473 335 4517 esse
360 4454 473 4517 dixerit
496 4453 731 4536 Aristophanes,
757 4455 836 4518 hano
861 4454 1097 4536 explicationem
1122 4451 1240 4515 nullam
1264 4469 1331 4514 esse
1357 4449 1530 4513 necessario
1560 4449 1765 4529 consequetur
1789 4465 1844 4510 uec
1868 4465 1941 4510 sane
1964 4447 1991 4510 si

210 4579 437 4660 Aristophanes
461 4579 494 4644 id
518 4579 597 4661 quod
621 4579 835 4644 Weckleiuius
866 4579 898 4642 in
929 4579 1031 4644 serbis
1064 4577 1220 4642 Xanthiae
1256 4575 1357 4638 inesse
1392 4576 1498 4638 censet
1533 4573 1707 4656 significare
1743 4571 1892 4636 voluisset
1924 4589 1990 4636 sese

322 4880 339 4946 ¹)
360 4877 436 4940 Quod
455 4877 636 4934 Weckleinins
654 4878 817 4932 subsensisse
837 4877 894 4948 ipsc
913 4877 1018 4931 videtur
1036 4877 1081 4948 qui
1106 4893 1167 4947 pag.
1189 4879 1222 4930 15
1241 4875 1358 4930 modeste
1377 4873 1485 4928 dixerit:
1519 4873 1593 4938 „dass
1616 4873 1681 4932 aber
1699 4873 1733 4928 A.
1754 4873 1795 4926 die
1815 4871 1899 4926 Sacho
1918 4872 1993 4926 nieht

209 4985 238 5020 so
257 4967 390 5020 ernsthaft
407 4967 525 5038 gemeint
543 4968 625 5035 habe,
654 4967 744 5020 deutet
762 4983 792 5020 er
810 4984 860 5019 uns
878 4967 962 5019 selbst
980 4984 1025 5035 an,
1037 4955 1125 5018 'weun
1146 4964 1242 5020 andars
1261 4965 1308 5018 der
1327 4984 1351 5020 v.
1372 4966 1424 5020 320
1445 4963 1494 5018 (len
1514 4965 1580 5018 Sinn
1599 4965 1659 5033 hat,
1684 4962 1834 5016 walchen
1854 4963 1908 5016 ioh
1927 4962 1990 5014 ihm

212 5055 366 5126 heilegon
386 5075 421 5108 zu
440 5061 565 5110 miisseu
584 5056 740 5127 glaube“.
766 5055 929 5126 Quamquam
950 5055 1038 5126 gratia
1057 5055 1115 5108 viro
1135 5054 1284 5108 doctissimo
1304 5054 1426 5110 habenda
1445 5054 1570 5124 estquod
1591 5054 1728 5128 vulgatam
1748 5053 1992 5124 interpretationem

209 5143 368 5198 Aristarcho
396 5146 480 5199 nisam
507 5143 649 5215 repudians
678 5150 776 5199 rectam
796 5145 865 5198 viam
884 5144 1053 5198 monstravit:
1077 5147 1107 5196 ut
1125 5143 1284 5214 sperandum
1303 5145 1338 5197 sit
1357 5145 1413 5198 fore
1432 5149 1462 5196 ut
1479 5143 1605 5197 concedat
1623 5141 1698 5196 nohis
1717 5142 1862 5213 Diagoram
1881 5139 1989 5194 Mallum

210 5233 315 5287 omuino
333 5249 365 5288 ex
384 5233 434 5288 hoo
451 5235 509 5288 looo
528 5251 585 5288 asse
603 5233 800 5306 expellendum.
