4330 6426
973 569 1010 580 n·-
1058 527 1078 598 9
1127 567 1165 581 -Ω

132 719 275 806 docet,
305 727 415 793 exiisse
439 746 582 811 pompam
600 728 840 792 consentaneum
859 729 916 806 est,
942 727 1062 794 defero
1079 729 1185 794 autem
1207 729 1363 796 testantur
1378 729 1438 794 loci
1454 728 1543 796 nobis
1560 727 1623 796 iam
1639 727 1715 811 noti,
1733 727 1901 798 scholiasta
1917 725 1956 798 ad

133 847 249 914 hurre
270 849 380 916 locum
397 853 429 916 et
445 852 578 936 Hesycb.
596 871 620 918 s.
639 869 667 917 r.
686 848 862 934 Διαγόρας.
888 849 1006 931 Quibus
1023 853 1048 917 si
1065 856 1230 938 propterea
1249 855 1469 920 auctoritatem
1493 855 1631 921 tribuere
1655 855 1744 934 nolis,
1761 857 1842 940 qnod
1857 857 1956 940 Apol·

134 974 276 1042 lodori
295 979 456 1043 Tarsensis
471 979 569 1060 ipsius
585 979 680 1042 verba
696 997 763 1042 esse
780 978 953 1058 videantur,
970 996 1031 1062 qua
1046 979 1211 1044 lectionem
1228 999 1317 1045 suam
1341 974 1521 1064 διὀίγορᾶς
1543 981 1652 1046 fulcire
1673 981 1835 1057 studuerit,
1861 982 1957 1048 habes

138 1103 341 1182 praeterea
364 1104 484 1167 certum
508 1102 546 1167 de
571 1101 729 1168 Ceramico
753 1103 966 1168 testimouium
992 1103 1023 1166 in
1047 1103 1165 1169 scholio
1189 1104 1227 1168 ad
1251 1125 1279 1171 v,
1297 1107 1376 1170 399:
1400 1109 1498 1170 τοῦτο
1522 1102 1588 1170 ἐπεὶ
1612 1100 1783 1170 ὁδεύουσιν
1806 1101 1871 1170 ἀπὸ
1895 1110 1955 1172 τοῦ

144 1226 383 1310 Κεραμεικοῦ
407 1229 451 1304 εἰς
473 1223 638 1293 Ἐλευσῖνα
669 1224 911 1312 προπέμποντες
937 1223 996 1292 τὸν
1020 1223 1187 1294 Διόνυσον
1210 1230 1241 1294 b.
1266 1249 1292 1296 e.
1318 1230 1516 1295 simulacrum
1549 1230 1661 1296 Iacchi·
1687 1231 1768 1312 qnod
1791 1249 1827 1295 ex
1851 1231 1954 1296 Iacchi

143 1351 297 1434 templo
321 1352 351 1415 in
376 1353 426 1417 via
451 1351 721 1436 deprompserant;
746 1371 782 1416 ex
798 1351 957 1418 Eleusinia
981 1354 1086 1418 autem
1103 1355 1133 1418 h.
1152 1373 1177 1421 e.
1197 1372 1231 1418 en
1255 1355 1382 1438 regione
1406 1357 1486 1420 arcis
1510 1375 1565 1438 per
1589 1355 1690 1419 lorum
1712 1356 1745 1420 iu
1761 1353 1954 1421 Ceramiouru

144 1492 216 1538 eos
247 1475 415 1541 transiisse
439 1495 493 1560 per
517 1497 549 1542 sa
573 1477 777 1562 intellegitur.
801 1477 882 1540 ltem
907 1477 945 1540 de
963 1477 1250 1544 Panathenaeorum
1276 1497 1389 1562 pompa
1409 1479 1577 1544 Menander
1601 1479 1794 1562 apudMein.
1812 1479 1954 1546 iudom.

145 1599 206 1663 IV
237 1621 316 1684 pag.
341 1604 403 1668 211
1501 1576 1503 1581 ¹

578 1724 677 1811 μιαροὶ
703 1725 1038 1812 Παναθήναι’ἕττειδη
1062 1722 1268 1812 διὀίηορᾶς
1290 1724 1456 1811 πέμποντα
1481 1743 1529 1808 σε,

578 1853 745 1936 Μοσχίων,
769 1849 873 1937 μήτηρ
898 1849 981 1938 ἑώρα
1004 1855 1061 1936 τῆς
1083 1855 1182 1937 κόρης
1206 1849 1427 1938 ἐφ’ὂίρματος.

1039 2300 1099 2383 IV

286 2586 427 2651 Diximus
444 2605 537 2670 supra
553 2587 728 2652 Aristarchi
744 2586 965 2650 auctoritatem
988 2585 1216 2667 Apollodoro
1241 2585 1419 2651 Tarsensi
1443 2585 1488 2652 ita
1505 2585 1653 2664 obfuisse,
1676 2586 1713 2650 ut
1728 2586 1953 2668 praeoccupata

169 2711 318 2792 opinione
348 2729 425 2792 quae
457 2712 542 2774 recte
568 2710 605 2774 de
629 2709 847 2792 Aristophanis
880 2729 972 2792 quem
1002 2710 1205 2776 tractavimus
1237 2711 1304 2775 loco
1337 2711 1479 2776 senserat
1508 2710 1543 2774 ut
1566 2710 1673 2792 inepta
1704 2708 1951 2792 repudiarentur.

171 2835 291 2899 Verum
327 2836 484 2899 enimvero
514 2834 584 2898 ideo
615 2835 683 2898 risa
713 2835 761 2898 est
791 2834 964 2899 Tritzscbio
995 2835 1054 2900 hoc
1076 2835 1144 2900 loco
1166 2835 1346 2917 Apollodori
1376 2835 1532 2900 sententia
1554 2852 1590 2899 ec
1613 2835 1715 2919 magis
1749 2834 1952 2916 aspernanda,

166 2959 258 3040 quod
290 2959 385 3023 etiam
417 2959 493 3022 alibi
526 2977 611 3022 «non
642 2959 745 3022 minus
774 2958 879 3040 inepte
911 2958 1135 3024 iudicaveritst
1172 2957 1260 3039 Quod
1295 2978 1479 3044 quamquam
1504 2959 1661 3024 indicandi
1684 2978 1782 3043 genus
1808 2960 1840 3023 in
1864 2960 1953 3023 tanta

165 3084 425 3148 testimoniorum
450 3083 487 3146 de
512 3083 569 3147 boe
593 3085 796 3166 grammatico
825 3084 981 3165 paucitate
1013 3085 1147 3150 mraxime
1176 3084 1332 3149 lubricum
1356 3085 1389 3150 et
1411 3085 1593 3169 ambiguum
1617 3085 1695 3148 mihi
1718 3084 1857 3162 videtur,
1881 3103 1951 3148 cum

171 3209 227 3291 qui
257 3209 357 3274 altero
390 3209 459 3272 loco
491 3209 656 3287 erraverit,
693 3209 908 3274 idemalterc
940 3209 1031 3274 facile
1055 3228 1112 3274 acu
1135 3228 1201 3275 rem
1225 3212 1353 3292 tangere
1385 3210 1540 3292 potnerit,
1575 3212 1681 3274 tamen
1704 3211 1740 3274 ut
1763 3209 1950 3292 Apollodoro

176 3333 335 3398 tribuatur
358 3333 438 3416 quod
462 3353 518 3416 par
542 3336 590 3398 est
613 3352 679 3398 rem
703 3336 922 3401 examinemus.
971 3336 1123 3400 Provocat
1152 3335 1233 3400 enim
1264 3335 1455 3400 Tritnscbius
1478 3335 1519 3400 ad
1543 3335 1640 3400 schol.
1665 3334 1833 3416 Euripid.
1857 3334 1952 3411 Med,

178 3477 206 3524 r.
235 3459 298 3522 148
322 3459 353 3522 ο1
377 3457 516 3540 inprimis
541 3479 570 3524 r.
598 3461 669 3526 171.
719 3459 834 3542 Agitur
856 3461 987 3544 utroque
1010 3460 1077 3524 loco
1102 3460 1140 3525 de
1164 3460 1266 3525 verbis
1290 3460 1421 3526 nutricis
1448 3462 1510 3526 168

620 3651 731 3721 κλύεθ’
758 3649 810 3722 οἶα
834 3654 916 3740 λέγει
940 3657 985 3742 (h.
1009 3675 1037 3722 e.
1062 3651 1209 3741 Μήδεια)
1232 3650 1427 3740 adaldochus

623 3775 723 3863 Θέμιν
746 3774 898 3846 εὐκταίαν
924 3776 1014 3865 Ζῆνοί
1038 3781 1072 3846 δ’
1099 3778 1135 3857 ὃς
1159 3777 1265 3866 ὅρκων

617 3911 751 3990 θνητοῖς
774 3907 890 3992 ταμίας
912 3907 1109 3990 νενόμισται.

283 4121 369 4202 Quae
393 4141 464 4188 curn
487 4121 527 4186 ad
550 4139 673 4186 versum
699 4123 762 4186 160
783 4122 939 4204 pertinere
964 4121 1152 4201 viderentur,
1176 4121 1230 4186 ubi
1246 4120 1357 4185 Medea
1380 4119 1470 4184 dicit:
1496 4108 1662 4202 ὦμεηίιία
1681 4114 1760 4200 Θέμι
1775 4116 1828 4182 καὶ
1844 4115 1949 4182 πότνι’

162 4243 309 4332 Ἄρτεμι,
349 4247 461 4330 quibus
496 4247 619 4329 praeter
653 4245 786 4311 Themin
820 4266 882 4310 non
917 4245 1023 4312 Iovem
1057 4245 1113 4310 sed
1147 4245 1280 4310 Dianam
1315 4245 1453 4325 invocat,
1492 4245 1570 4309 haec
1610 4241 1763 4327 quomodo
1799 4242 1881 4307 inter
1916 4261 1949 4306 se

168 4372 331 4438 conciliari
365 4372 498 4456 possint,
534 4372 674 4454 quaestio
699 4373 804 4436 exorta
828 4373 877 4436 cst
899 4391 918 4436 a
941 4371 1049 4436 multis
1082 4369 1295 4454 grammaticis
1326 4369 1470 4434 tractata.
1518 4367 1593 4432 Tres
1617 4367 1715 4452 igitur
1738 4385 1756 4430 a
1780 4365 1949 4432 scholiasta

168 4499 338 4562 narrantur
367 4497 603 4580 explicationes:
636 4496 738 4580 prima
760 4495 942 4579 Apollodori
965 4494 1127 4560 Tarsensis
1156 4496 1209 4577 qui
1232 4493 1271 4558 ad
1294 4512 1416 4559 versum
1444 4495 1505 4557 148
1529 4489 1597 4568 ίίιες
1620 4479 1647 4556 ci
1672 4494 1735 4557 Ζεῦ
1758 4489 1811 4556 καὶ
1833 4493 1875 4574 νᾶ
1898 4489 1951 4556 καὶ

169 4624 244 4705 φῶς
273 4621 454 4707 confugiens
485 4623 684 4705 conqueritur
707 4620 744 4684 dc
768 4620 972 4685 histrionibus
1001 4620 1054 4702 qui
1084 4619 1161 4684 salso
1193 4620 1288 4684 verba
1317 4618 1400 4683 inter
1432 4637 1580 4701 personas
1614 4615 1846 4694 distribuerint3
1882 4633 1950 4680 esse

172 4749 257 4812 enim
288 4749 365 4814 haec
395 4747 491 4812 rerba
522 4765 584 4811 non
616 4747 723 4822 obora,
756 4745 792 4810 ut
815 4744 906 4809 fieret
928 4745 960 4808 in
983 4744 1089 4824 libris,
1123 4744 1178 4808 sed
1201 4743 1330 4809 Medeae
1355 4741 1455 4808 danda
1478 4745 1511 4809 et
1534 4743 1619 4807 arcte
1643 4740 1857 4825 coniungenda
1881 4758 1951 4804 cnm

172 4871 368 4937 antecedenti
393 4871 521 4936 Medeae
545 4871 701 4947 oratione;
725 4889 786 4952 qua
809 4869 1028 4935 distributione
1053 4871 1182 4951 accepta
1205 4887 1266 4933 non
1286 4869 1386 4934 solum
1408 4870 1488 4933 hano
1504 4867 1662 4934 sublatum
1677 4866 1717 4930 iri
1733 4865 1951 4930 difficultatem

172 4997 227 5064 sed
250 4996 345 5061 aliam
369 4996 464 5062 etiam
489 5015 617 5080 eamque
642 4996 674 5060 in
697 5015 732 5060 eo
756 4997 900 5077 positam,
926 4993 1007 5076 quud
1022 4995 1079 5077 τῆς
1096 4994 1244 5078 Μηδείας
1267 4989 1530 5078 καταρασαμένης
1554 4988 1651 5078 ianm}
1676 4989 1758 5074 (ride
1775 5009 1804 5055 v.
1824 4991 1887 5056 144
1900 4989 1948 5054 bis

176 5118 254 5206 147)
283 5119 414 5186 ridicule
447 5121 557 5186 chorus
588 5121 706 5186 diceret
737 5117 804 5195 cicae
827 5108 853 5184 ui
879 5122 943 5184 Ζεῦ
965 5116 1018 5182 καὶ
1040 5122 1083 5201 γᾶ
1106 5117 1157 5184 καὶ
1182 5122 1265 5202 pap
1299 5119 1376 5183 haec
1406 5119 1511 5182 autem
1543 5116 1636 5182 verba
1659 5115 1686 5179 si
1709 5113 1839 5180 Medeae
1870 5115 1944 5194 sint,

175 5248 329 5310 λελύσθαι
353 5246 429 5310 dicit
445 5245 651 5332 Apollodorus
674 5242 734 5330 τὴν
758 5240 898 5331 ἀπορίαν
914 5240 1052 5320 εἰκότως,
1069 5239 1129 5327 την
1145 5244 1318 5327 πρεσβῦτιν
1335 5239 1471 5306 ἔνδοθεν
1488 5243 1710 5324 κατηκοῦσδαι
1728 5243 1785 5325 τῆς
1801 5240 1951 5324 Μηδείας

1647 5345 1664 5397 2
