4330 6426
644 1455 1105 1592 ‚Miscellanea
1150 1455 1497 1623 philologo.

1081 1945 1104 2026 I

316 2266 351 2328 ln
385 2267 525 2330 oratione
557 2265 706 2330 libanii
736 2284 833 2348 ,quarn
868 2283 923 2346 pro
957 2263 1211 2328 saltatoribus
1243 2263 1273 2330 h.
1307 2283 1334 2327 e.
1369 2263 1571 2346 pantomimis
1605 2262 1788 2345 conscripsit
1823 2263 1919 2328 etiam
1950 2265 1982 2328 in

197 2390 374 2455 novissima
390 2390 529 2455 editione
545 2389 726 2454 Richardi
750 2391 926 2456 Foerster
938 2388 959 2468 ¹)
981 2389 1131 2473 leguntur·
1147 2408 1182 2452 ex
1200 2387 1357 2454 codicibus
1374 2390 1451 2453 baec
1462 2387 1486 2464 2)
1504 2407 1570 2471 cap.
1588 2391 1643 2470 20,
1657 2409 1686 2471 p.
1705 2390 1758 2467 28,
1774 2407 1802 2452 r.
1824 2391 1864 2453 12
1881 2409 1982 2472 sequ:

196 2514 360 2600 μνησθεὶς
383 2511 446 2598 γὰρ
469 2517 534 2580 τῶν
562 2509 626 2580 ἀπὸ
654 2517 713 2580 τοῦ
737 2511 820 2590 Διὸς
848 2510 1091 2580 συντελούντων
1121 2520 1189 2590 τοῖς
1220 2509 1396 2598 δρωμένοις
1427 2511 1597 2590 τούτοις,
1630 2513 1760 2597 φησίν,
1798 2510 1891 2578 ὅσον
1920 2517 1985 2598 τῆς

201 2638 372 2724 βλαύτης
401 2641 588 2724 περίεστι,
617 2643 776 2706 τοσοῦτον
806 2632 920 2724 ἐχρῆν
949 2635 1132 2723 ἀφαιρεῖν
1154 2641 1228 2703 τῶν
1250 2639 1389 2704 ποδῶν.
1435 2638 1617 2704 Subiectum
1641 2638 1732 2703 huius
1756 2639 1912 2736 enuntiati
1936 2641 1985 2704 est

203 2764 363 2829 Aristides
386 2766 496 2828 rhetor
519 2765 749 2843 celeberrimus,
774 2767 827 2847 qui
851 2767 990 2830 oratione
1007 2765 1140 2848 quadam
1156 2765 1365 2848 pantomimos
1382 2763 1580 2828 acerbissime
1602 2764 1853 2848 impugnaverat:
1879 2765 1986 2828 contra

204 2909 298 2971 quem
329 2893 387 2953 hoc
411 2890 448 2954 de
472 2909 532 2972 quo
560 2890 684 2973 agimus
718 2890 826 2954 libello
861 2909 968 2954 eorum
1001 2891 1208 2972 patrocinium
1242 2889 1391 2955 Libanius
1426 2892 1571 2973 suscepit.
1619 2889 1687 2955 Nec
1721 2890 1798 2954 satis
1833 2891 1985 2954 babuerat

205 3013 362 3078 Aristides
393 3014 498 3078 invehi
530 3015 562 3078 in
592 3015 800 3096 pantomimos
835 3015 933 3097 ipsos,
968 3016 1178 3100 castigaverat
1209 3015 1304 3080 etiam
1337 3015 1500 3080 eboreutas
1532 3033 1699 3097 eorumque
1732 3014 1870 3082 carmina
1901 3012 1983 3096 (vide

206 3137 314 3204 liban.
339 3159 364 3205 c.
394 3136 447 3225 19)
472 3140 504 3204 et
528 3157 563 3203 eo
588 3158 684 3221 usque
708 3142 915 3221 processerat,
948 3143 984 3205 ut
1012 3142 1109 3206 etiam
1139 3141 1217 3208 alios
1251 3139 1401 3223 quosdam
1431 3139 1589 3204 ministros
1620 3137 1886 3222 pantomimorum
1918 3139 1983 3204 ludi

207 3264 454 3345 (συντελοῦντας
476 3269 544 3338 τοῖς
566 3260 754 3348 δρωμένοις)
781 3265 982 3330 vehementer
1005 3265 1254 3348 reprehenderat.
1287 3264 1348 3344 Qui
1372 3265 1460 3330 euius
1483 3263 1606 3348 generis
1630 3265 1703 3344 sint,
1727 3263 1857 3346 adparet
1880 3283 1916 3328 ex
1940 3265 1984 3330 eis

207 3407 286 3470 qnae
310 3387 497 3470 sequnntur:
523 3390 596 3452 sunt
618 3388 665 3451 illi
690 3390 742 3472 qui
765 3389 867 3472 legem
892 3392 1069 3472 temporum
1093 3393 1218 3456 servant
1240 3392 1440 3473 sonitumque
1464 3409 1574 3456 vocum
1598 3392 1631 3454 et
1653 3389 1853 3454 saltationem
1873 3390 1985 3454 modu-

207 3512 312 3575 lantur
345 3511 457 3594 pedum
494 3512 585 3593 pulsu
620 3512 827 3578 instrumento
859 3513 914 3578 illo
947 3516 1153 3596 munitorum,
1188 3515 1269 3599 quod
1301 3514 1412 3580 Graeci
1447 3511 1638 3600 κρουπέζιον
1672 3515 1843 3598 adpellant,
1879 3516 1985 3580 Latini

207 3636 415 3700 scabillum.
441 3636 578 3716 Quorum
603 3638 769 3720 strepitum
794 3639 926 3705 moleste
950 3641 1012 3706 fert
1027 3640 1192 3719 Aristides,
1217 3641 1399 3726 indignatur·
1422 3639 1504 3724 quod
1527 3659 1670 3706 scaenam
1687 3639 1764 3723 pede
1781 3660 1842 3706 nou
1859 3640 1986 3723 pulsant

207 3761 306 3826 solum
331 3761 385 3826 sed
411 3761 561 3846 frangunt
586 3783 613 3829 v.
644 3764 692 3830 17.
738 3766 783 3852 api
806 3762 896 3841 ποδὶ,
930 3765 1021 3848 φησί,
1057 3761 1117 3850 τὴν
1149 3763 1270 3850 σκηνὴν
1293 3762 1586 3851 κατορρηγνύντες,
1612 3767 1731 3832 crudeli
1755 3767 1905 3849 supplicio
1931 3787 1983 3834 eos

208 3886 317 3969 dignos
341 3907 409 3952 esse
433 3888 641 3954 conclamans.
689 3889 846 3954 Aduersus
871 3909 950 3973 quae
974 3889 1122 3956 Libanius
1147 3891 1269 3973 copiose
1294 3892 1501 3969 demonstrat,
1527 3892 1577 3976 qni
1603 3891 1641 3956 de
1665 3892 1799 3974 strepitu
1827 3893 1985 3975 queratur,

208 4009 338 4074 eundem
363 4012 459 4075 etiam
482 4012 587 4076 invehi
611 4012 723 4078 debere
747 4015 779 4079 in
802 4013 890 4093 alios,
914 4015 946 4080 in
971 4017 1188 4099 pyrricbistas,
1213 4019 1245 4082 in
1269 4036 1322 4082 eos
1345 4020 1398 4100 qui
1421 4019 1580 4102 tympanis
1602 4019 1815 4102 cymbalisque
1838 4019 1982 4098 utantnr;

208 4133 367 4200 saltationi
402 4134 513 4201 deinde
548 4156 625 4219 opus
656 4157 722 4204 esse
756 4139 872 4206 maiore
903 4141 1051 4223 strepitu,
1086 4162 1178 4226 quam
1211 4162 1301 4226 quem
1334 4144 1428 4226 pedes
1458 4144 1517 4209 soli
1549 4145 1757 4210 instrumento
1787 4163 1846 4208 non
1871 4144 1984 4208 muniti

208 4259 355 4326 efficiant.

318 4385 404 4466 Qurae
428 4406 499 4451 curn
524 4389 628 4453 omnia
651 4389 814 4473 perspicua
836 4391 910 4469 sint,
935 4393 1056 4458 restant
1078 4395 1183 4458 tanren
1207 4393 1302 4457 uerba
1327 4387 1391 4456 ἀπὸ
1411 4395 1470 4457 τοῦ
1487 4387 1569 4468 Διὸς
1592 4411 1670 4476 quae
1694 4392 1860 4458 nemodum
1886 4393 1984 4476 expli·

209 4510 299 4576 cavit.
356 4509 454 4576 Miror
484 4513 681 4578 Foersterum
712 4515 763 4597 qui
788 4516 825 4580 de
849 4517 957 4583 multis
989 4519 1081 4583 huius
1113 4519 1262 4585 orationis
1293 4517 1369 4584 locis
1401 4518 1452 4582 vel
1485 4517 1685 4584 emendandis
1717 4519 1767 4584 vel
1788 4518 1983 4586 illustrandis

209 4633 325 4714 optime
349 4639 464 4702 meruit
486 4637 563 4703 haee
586 4641 681 4704 verba
704 4641 828 4706 silentio
851 4643 1065 4724 praeteriisse3
1090 4645 1171 4727 apud
1191 4643 1351 4709 Reislrinm
1376 4644 1532 4710 invenitur
1555 4643 1631 4709 baec
1654 4643 1829 4710 adnotatio:
1857 4645 1985 4714 «locus

208 4756 267 4822 hic
290 4757 332 4824 de
356 4761 578 4846 ingentibus
609 4765 754 4833 blautis
785 4786 849 4832 seu
881 4768 1047 4855 crepidis
1079 4770 1280 4836 Iovialinm
1309 4773 1346 4835 et
1373 4789 1485 4854 opera
1508 4789 1527 4836 a
1549 4769 1758 4836 Iovialibns
1789 4771 1828 4838 in
1862 4772 1982 4840 salta·

208 4983 473 4992 ——.--——.

315 5125 333 5192 ι)
353 5125 384 5180 In
404 5129 601 5196 programmate
619 5126 805 5181 Rostoclriensi
823 5126 893 5198 quod
911 5127 939 5184 iu
958 5127 1085 5188 honorem
1104 5129 1136 5184 F.
1151 5129 1183 5186 V.
1203 5128 1346 5189 dareschu
1365 5127 1461 5207 prodiit
1479 5147 1548 5188 enno
1567 5127 1839 5189 Mucectxxvlll.

312 5217 333 5286 ²)
352 5217 446 5274 titan.
466 5215 506 5272 ed.
526 5216 624 5276 Reiske
644 5217 695 5290 llI,
715 5236 741 5292 p.
761 5217 823 5278 384.
900 5295 913 5348 Ι
