4330 6426
335 1285 503 1352 Chorioii
533 1284 669 1349 rhetoris
700 1285 814 1362 oratio,
852 1285 900 1348 oui
934 1283 987 1366 qui
1011 1285 1129 1366 primus
1153 1303 1251 1366 nuper
1274 1283 1307 1347 in
1330 1283 1432 1350 luceru
1456 1285 1609 1368 protraxit
1632 1305 1668 1349 er
1693 1283 1797 1348 codice
1822 1282 2000 1348 Matriteusi

196 1387 379 1476 Carolus
404 1411 526 1476 Graux
541 1408 562 1496 ¹)
586 1408 745 1491 inscripsit
769 1403 927 1490 ἀπολογία
951 1407 1067 1490 μίμων,
1091 1409 1169 1474 haec
1193 1409 1289 1472 habet
1312 1410 1329 1492 ᾗ
1354 1409 1411 1485 ΙΙΙ,
1432 1412 1469 1474 11
1484 1408 1526 1494 5⁴l:
1553 1409 1663 1474 Ot'aab'
1688 1398 1759 1485 ούν,
1784 1409 1812 1473 εἰ
1834 1405 1871 1472 τὸ
1895 1409 2001 1492 μίμων

200 1531 343 1614 ύὶδοξον
366 1525 409 1620 ἦν
433 1529 636 1618 ἒκιτὴὁιομα,
663 1529 685 1618 ἢ
709 1527 877 1616 Σώφρονα
907 1533 1025 1616 μίμους
1055 1531 1245 1618 ἐπιγράφειν
1274 1528 1377 1600 αὑτοῦ
1400 1531 1439 1599 τὰ
1462 1531 1625 1618 ποιήματα
1648 1529 1670 1618 ἢ
1695 1533 1854 1599 Πλάτωνα
1878 1535 2002 1598 τούτων

203 1657 394 1746 ἐπαινέτην
416 1657 569 1742 γενέσθαι
592 1653 615 1744 ἢ
638 1655 695 1724 τὸν
718 1655 885 1722 Διόνυσον
909 1654 952 1734 ὥς
976 1672 1058 1742 φασι
1080 1653 1117 1722 τὸ
1141 1655 1283 1741 θέατρον
1311 1653 1504 1724 ἀντικεῖσθαι
1533 1653 1662 1735 τούτοις
1686 1653 1788 1724 αὑτοῦ
1811 1654 1848 1724 τὸ
1871 1654 2001 1741 τέμενος

207 1783 418 1870 {marottam
455 1784 591 1865 Quorum
616 1804 687 1849 oum
711 1785 849 1848 extrema
873 1803 965 1848 sensu
989 1785 1144 1862 carerent,
1176 1782 1276 1846 editor
1307 1783 1528 1848 meritissimus
1551 1779 1589 1848 τὸ
1613 1767 1754 1863 θέατρον
1778 1785 1870 1848 uerba
1894 1783 2001 1848 delens

209 1913 350 1994 scripsit
372 1906 394 1995 ἢ
417 1905 475 1974 τὸν
499 1905 680 1987 Διόνυσον,
713 1904 756 1984 ὥς
779 1923 895 1991 φασιν,
929 1902 1122 1972 ἀνακεῖσθαι
1152 1903 1281 1982 τούτοις
1304 1901 1407 1970 αὑτοῦ
1430 1903 1467 1970 cd
1489 1903 1619 1990 τέμενος
1643 1903 1833 1987 ἐπιτρέπειν,
1867 1925 1944 1990 quae
1969 1908 2000 1971 ni

214 2011 360 2100 multum
384 2035 475 2101 fallor
498 2035 542 2098 sic
566 2036 658 2098 eruut
681 2033 877 2117 explicanda:
905 2051 967 2098 «an
994 2032 1181 2115 Dionysum,
1205 2033 1241 2096 ut
1265 2031 1385 2109 dicunt,
1410 2032 1633 2113 permissurum
1658 2032 1753 2096 fuisse
1776 2034 1812 2096 ut
1836 2033 1880 2096 eis
1904 2033 1948 2116 (h.
1973 2052 2000 2096 e.

216 2161 342 2243 mimis)
366 2159 519 2242 templum
544 2179 633 2223 suum
658 2159 931 2223 cousecr·aretur?>›
958 2157 994 2220 lu
1019 2157 1131 2239 quibus
1155 2159 1187 2221 et
1211 2156 1354 2238 displicet
1377 2157 1456 2220 mihi
1479 2156 1558 2220 illud
1583 2151 1627 2232 aa
1650 2169 1752 2239 φασιν
1767 2176 1824 2222 uec
1840 2159 1924 2222 recte
1940 2158 2002 2222 dici

219 2287 347 2350 videtur
371 2285 525 2366 templum
550 2285 655 2349 mimis
678 2277 880 2361 ἀνακεῖσθαι,
909 2301 978 2346 oram
1004 2281 1109 2364 potius
1133 2281 1190 2346 deo
1203 2283 1256 2376 sit
1279 2283 1502 2348 consecratum.
1550 2281 1669 2361 Quibus
1695 2281 1933 2346 difficultatibus
1956 2281 2002 2347 ita

221 2412 429 2476 succurrerim
453 2411 489 2473 ut
511 2405 548 2476 τὸ
572 2405 714 2492 θέατρον
738 2409 843 2472 verbis
874 2407 1065 2500 conseruatis
1088 2427 1182 2470 unum
1208 2401 1252 2481 ὥς
1275 2408 1306 2470 iu
1331 2395 1357 2494 ᾧ
1380 2410 1519 2472 mutem:
1543 2401 1566 2490 ἢ
1588 2401 1647 2470 τὸν
1671 2401 1846 2486 Διόνυσον,
1872 2395 1898 2494 ᾧ
1922 2420 2003 2488 φασι

222 2532 260 2602 ad
284 2532 426 2619 θέατρον
450 2531 653 2612 ἀνακεῖσθαι,
678 2536 807 2609 τούτοις
830 2527 933 2597 atauo
957 2527 994 2596 τὰ
1018 2528 1148 2614 τέμενος
1173 2528 1360 2615 ἐπιτρέπειν.

336 3298 605 3381 Aristophanis
630 3298 706 3361 Ran.
732 3316 759 3362 v.
786 3298 867 3361 320:

733 3419 849 3510 ᾄδουσι
871 3424 954 3503 γοῦν
977 3418 1035 3486 τὸν
1050 3418 1180 3504 Ἴακχον
1195 3417 1302 3502 ὅνπερ
1326 3417 1513 3504 Διαγόρας,

225 3551 264 3614 ad
289 3551 456 3633 Diagoram
490 3548 619 3612 Melium
651 3543 754 3611 ἄθεον
784 3548 923 3630 spectare
955 3548 1099 3611 statuunt
1128 3567 1197 3611 cum
1221 3546 1404 3611 Aristarcho
1428 3566 1534 3610 omnes
1558 3546 1740 3610 recentioris
1767 3545 1880 3609 aetatis
1903 3545 2000 3608 inter-

223 3677 339 3758 pretes,
387 3675 436 3736 lta
458 3673 552 3736 etiam
578 3671 762 3736 scholiastae
788 3671 847 3754 ipsi
870 3671 1012 3736 codicum
1036 3672 1112 3768 Rau.
1137 3673 1169 3735 et
1195 3671 1281 3750 Veu,
1314 3672 1367 3754 qui
1390 3671 1564 3736 Aristarchi
1588 3669 1824 3752 explicationem
1848 3669 2001 3747 adserunt,

223 3801 299 3864 item
318 3798 428 3864 Suidas
451 3817 476 3863 s.
502 3817 529 3863 u.
546 3792 681 3880 Ἴακχος.
701 3795 929 3862 Celeberrimos
953 3797 1057 3860 autem
1081 3796 1134 3860 ille
1158 3797 1380 3879 grammaticus
1405 3795 1607 3860 contenderat
1629 3795 1662 3858 in
1685 3796 1846 3860 enrrutiato
1871 3795 2001 3860 relativo

226 3944 286 3988 uon
311 3921 381 4013 ᾅὸει
406 3923 534 3988 verbum
559 3941 626 3986 esse
650 3922 840 4004 cogitatione
864 3921 1040 3986 addendum
1065 3921 1118 3986 sed
1143 3918 1285 4004 χλευάζει
1308 3920 1359 3984 vel
1375 3918 1547 4004 ἐξορχεῑται
1564 3922 1607 4004 (h.
1626 3939 1651 3984 e.
1669 3920 1821 3986 imitando
1839 3919 2000 4002 profanare

227 4052 259 4113 et
283 4048 425 4126 illudere)
451 4047 531 4130 quod
556 4046 681 4110 disertis
705 4046 808 4110 verbis
832 4047 968 4110 testatur
991 4046 1175 4111 scholiasta:
1199 4044 1252 4110 καὶ
1269 4039 1286 4109 ὁ
1302 4043 1361 4128 μὲν
1380 4040 1583 4129 Ἀρίσταρχος
1606 4040 1774 4128 Διαγόρου
1795 4047 1858 4109 νῦν
1880 4067 2002 4128 μνημο-

226 4171 333 4238 νεύειν
356 4171 456 4256 papula
480 4165 540 4254 ούχ
563 4165 607 4246 ὥς
629 4166 767 4258 ᾄδοντος
790 4165 893 4234 αὐτοῦ
916 4166 993 4246 τούς
1016 4170 1128 4248 θεούς,
1154 4165 1222 4235 ἀλλ’
1246 4168 1281 4235 ἐν
1304 4170 1449 4259 εἰρωνείᾳ
1472 4166 1621 4254 κειμένου
1644 4172 1703 4233 τοῦ
1726 4164 1827 4253 λόγον
1849 4155 1920 4234 ἀντὶ
1942 4172 2001 4234 τοῦ

187 4349 200 4370 .
225 4295 493 4382 χλευάζοντος,
520 4291 809 4380 ἐξορχουμένου.
857 4295 1010 4360 Xanthias
1033 4295 1131 4379 igitur
1155 4315 1190 4360 er
1214 4295 1388 4360 Aristarchi
1412 4295 1568 4360 sententia
1591 4295 1685 4360 dicit:
1713 4296 1850 4360 «canunt
1874 4295 1999 4377 quidem
2101 4341 2103 4352 .

226 4423 369 4486 lecchum
403 4421 542 4492 eundern,
566 4441 658 4504 quern
689 4420 825 4484 ludibrio
857 4419 952 4484 habet
965 4421 1166 4516 Diagoras».
1212 4419 1347 4484 Additur
1377 4419 1510 4502 denique
1538 4439 1556 4483 a
1580 4419 1749 4484 scholiasta
1777 4420 1927 4484 cornicum
1952 4420 2000 4484 his

226 4548 327 4612 uerbis
350 4549 500 4632 instigare
525 4547 658 4611 voluisse
675 4545 882 4611 Athenienses
899 4544 1046 4614 adversus
1063 4545 1245 4630 Diagoram:
1271 4541 1418 4610 ἀνακινεῖ
1437 4535 1498 4610 οὖν
1513 4539 1591 4621 τούς
1604 4540 1799 4629 Ἀθηναίους
1815 4539 1833 4610 ὁ
1849 4539 1999 4628 κωμικός.

225 4761 490 4772 -ι--ν-αΔ-ω--ι

334 4904 353 4971 ¹)
373 4903 464 4957 Revue
483 4901 515 4958 de
534 4902 688 4975 Philologie
708 4903 721 4957 I
741 4919 767 4974 p.
787 4901 934 4972 toa-2473
964 4901 1103 4973 inscriptio
1126 4901 1221 4958 codicis
1244 4902 1331 4974 ipsius,
1349 4906 1390 4958 est
1413 4900 1492 4970 λόγος
1509 4897 1578 4969 dario
1598 4901 1653 4954 τῶν
1672 4897 1701 4954 ἐν
1720 4899 1856 4956 Διονύσον
1875 4900 1924 4956 τὸν
1939 4901 2001 4973 βίον

224 4991 421 5058 ιίκονιζόντων,
456 4993 490 5046 Iu
508 4993 559 5047 hac
577 4993 696 5048 oratioue
715 4991 894 5064 componenda
913 4991 1074 5058 chemeium,
1100 4993 1220 5063 quamvis
1238 4993 1279 5047 sui
1298 4992 1400 5064 ingenii
1418 4991 1496 5046 homo
1514 4994 1594 5057 esset,
1614 4993 1656 5045 sat
1673 4991 1759 5046 multa
1777 5009 1809 5046 cx
1828 4991 1935 5046 Libauii
1954 5009 2002 5063 pro

224 5081 395 5136 saltatoribus
422 5081 542 5136 hausisse
570 5083 614 5136 vel
637 5081 770 5138 imitatum
797 5099 853 5136 esse
880 5081 944 5134 mihi
968 5099 1122 5154 persuasum
1141 5085 1247 5138 estnec
1267 5079 1386 5137 debuisse
1405 5081 1437 5136 de
1456 5081 1600 5138 haereiu
1619 5078 1734 5137 editione
1756 5079 2000 5154 Libanianaep.3

223 5169 393 5226 Foersterum
412 5169 533 5226 dubitare
552 5170 605 5226 alio
623 5171 681 5226 loeo
700 5187 838 5245 exponam.

331 5261 353 5334 ²)
371 5258 434 5318 ibid.
453 5277 479 5335 p.
498 5261 559 5318 216.
